<record xmlns="http://www.openarchives.org/OAI/2.0/" xmlns:xsi="http://www.w3.org/2001/XMLSchema-instance"><header><identifier>oai:alma.34CSIC_INST:990012277880204201</identifier><datestamp>2020-02-06T08:41:03Z</datestamp><setSpec>manuscripta</setSpec></header><metadata><record xmlns="http://www.loc.gov/MARC21/slim" xmlns:xsi="http://www.w3.org/2001/XMLSchema-instance" xsi:schemaLocation="http://www.loc.gov/MARC21/slim http://www.loc.gov/standards/marcxml/schema/MARC21slim.xsd"><leader>01828ntm a2200409 i 4500</leader><controlfield tag="005">20181031100351.0</controlfield><controlfield tag="008">100406q        sp            000 0 ara d</controlfield><controlfield tag="001">990012277880204201</controlfield><datafield tag="035" ind1=" " ind2=" "><subfield code="a">CSIC001227788</subfield></datafield><datafield tag="035" ind1=" " ind2=" "><subfield code="a">(ES-MaCSI)001227788MAD01-Aleph</subfield></datafield><datafield tag="035" ind1=" " ind2=" "><subfield code="a">(OCoLC)1124053862
</subfield></datafield><datafield tag="040" ind1=" " ind2=" "><subfield code="a">ES-MaCSI</subfield><subfield code="b">spa</subfield></datafield><datafield tag="080" ind1=" " ind2=" "><subfield code="a">091(=411.21)</subfield></datafield><datafield tag="245" ind1="1" ind2="0"><subfield code="a">[Carpetas de papeles sueltos]</subfield><subfield code="h">[Manuscrito]</subfield></datafield><datafield tag="260" ind1=" " ind2=" "><subfield code="c">[s.a.].</subfield></datafield><datafield tag="300" ind1=" " ind2=" "><subfield code="a">fragmentos.</subfield></datafield><datafield tag="490" ind1="0" ind2=" "><subfield code="a">Manuscripta</subfield></datafield><datafield tag="500" ind1=" " ind2=" "><subfield code="a">Signatura antigua: Junta 65</subfield></datafield><datafield tag="501" ind1=" " ind2=" "><subfield code="a">[Fragmento 1]</subfield></datafield><datafield tag="501" ind1=" " ind2=" "><subfield code="a">Nº de folios: 1 f. de pergamino</subfield></datafield><datafield tag="501" ind1=" " ind2=" "><subfield code="a">Dimensiones: 53,5x28,2 cm.</subfield></datafield><datafield tag="501" ind1=" " ind2=" "><subfield code="a">Tinta: Tinta negra</subfield></datafield><datafield tag="501" ind1=" " ind2=" "><subfield code="a">Deterioros generales: Mutilado y con manchas de humedad o fuego</subfield></datafield><datafield tag="501" ind1=" " ind2=" "><subfield code="a">[Fragmento 2]</subfield></datafield><datafield tag="501" ind1=" " ind2=" "><subfield code="a">Tapas de piel</subfield></datafield><datafield tag="501" ind1=" " ind2=" "><subfield code="a">Tinta: Tinta negra</subfield></datafield><datafield tag="501" ind1=" " ind2=" "><subfield code="a">Dimensiones: 28,5x23,6 cm. y 23,5x21,5 cm.</subfield></datafield><datafield tag="501" ind1=" " ind2=" "><subfield code="a">Deterioros generales: Mutiladas, con manchas de fuego y humedad.</subfield></datafield><datafield tag="520" ind1="2" ind2=" "><subfield code="a">[Fragmento 1]: Contiene un fragmento de una carta dotal otorgada en Rueda ante Lobe b. Ibrahim b. Lope, imam de la aljama musulmana. Editado en [Hoenerbach, 125].</subfield></datafield><datafield tag="520" ind1="2" ind2=" "><subfield code="a">[Fragmento 2]: Contienen algunas notas casi ilegibles.</subfield></datafield><datafield tag="546" ind1=" " ind2=" "><subfield code="a">Lengua árabe</subfield><subfield code="b">escritura magrebí. [Fragmento 1]</subfield></datafield><datafield tag="546" ind1=" " ind2=" "><subfield code="a">Lengua árabe y aljamiada. [Fragmento 2]</subfield></datafield><datafield tag="650" ind1=" " ind2="7"><subfield code="a">Manuscritos árabes.</subfield><subfield code="2">CSICAU</subfield></datafield><datafield tag="650" ind1=" " ind2="7"><subfield code="a">Manuscritos aljamiados.</subfield><subfield code="2">CSICAU</subfield></datafield><datafield tag="830" ind1=" " ind2="0"><subfield code="a">Manuscripta</subfield></datafield><datafield tag="856" ind1="4" ind2="1"><subfield code="u">http://aleph.csic.es/imagenes/mad01/0006_PMSC/P_001227788_651454_V00.pdf</subfield><subfield code="z">Descargar Pdf completo (1.4M)</subfield><subfield code="m">CSIC</subfield></datafield><datafield tag="856" ind1="4" ind2="1"><subfield code="u">http://simurg.bibliotecas.csic.es/viewer/image/CSIC001227788/1/</subfield><subfield code="z">Ver texto completo en SIMURG, el portal de fondos digitalizados del CSIC</subfield><subfield code="m">CSIC</subfield></datafield><datafield tag="856" ind1="4" ind2="1"><subfield code="u">http://aleph.csic.es/imagenes/mad01/0006_PMSC/html/001227788.html</subfield><subfield code="z">Ver texto completo en Bookreader</subfield></datafield></record></metadata></record>